@Article{greenberg2008cost,
  title={The cost of a cloud: research problems in data center networks},
  author={Greenberg, Albert and Hamilton, James and Maltz, David A and Patel, Parveen},
  journal={ACM SIGCOMM computer communication review},
  year={2008},
  OPTkey = {1},
  OPTvolume = {39},
  OPTnumber = {•},
  OPTpages = {68--73},
  OPTeditor = {ACM}
}
@online{Top500,
author = {•},
title = {TOP500 - The List},
year = {2019},
url = {www.top500.org},
OPTdate = {01/06/2019},
OPTurldate = {14/07/2019},
}
